
@article{Bayer2011,
  title = {Three-Dimensional High Resolution Fluvio-Glacial Aquifer Analog: {{Part}} 1: {{Field}} Study},
  volume = {405},
  issn = {0022-1694},
  number = {1},
  journal = {Journal of Hydrology},
  author = {Bayer, P and Huggenberger, P and Renard, Philippe and Comunian, Alessandro},
  year = {2011},
  pages = {1--9}
}

@article{Borghi2015,
  title = {Generation of {{3D Spatially Variable Anisotropy}} for {{Groundwater Flow Simulations}}},
  volume = {53},
  issn = {0017467X},
  shorttitle = {Generation of {{3D Spatially Variable Anisotropy}} for {{Groundwater Flow Simulations}}},
  doi = {10.1111/gwat.12295},
  number = {6},
  journal = {Groundwater},
  author = {Borghi, Andrea and Renard, Philippe and Courrioux, Gabriel},
  month = nov,
  year = {2015},
  pages = {955--958}
}

@article{Teles2006,
  title = {Comparison of Transport Simulations and Equivalent Dispersion Coefficients in Heterogeneous Media Generated by Different Numerical Methods: {{A}} Genesis Model and a Simple Geostatistical Sequential {{Gaussian}} Simulator},
  volume = {2},
  issn = {1553-040X},
  shorttitle = {Comparison of Transport Simulations and Equivalent Dispersion Coefficients in Heterogeneous Media Generated by Different Numerical Methods},
  doi = {10.1130/GES00034.1},
  number = {5},
  journal = {Geosphere},
  author = {Teles, V. and Delay, F. and {de Marsily}, G.},
  year = {2006},
  pages = {275}
}

@article{Straubhaar2011,
  title = {An {{Improved Parallel Multiple}}-Point {{Algorithm Using}} a {{List Approach}}},
  volume = {43},
  issn = {1874-8961, 1874-8953},
  doi = {10.1007/s11004-011-9328-7},
  number = {3},
  journal = {Mathematical Geosciences},
  author = {Straubhaar, Julien and Renard, Philippe and Mariethoz, Gr{\'e}goire and Froidevaux, Roland and Besson, Olivier},
  month = apr,
  year = {2011},
  pages = {305--328}
}

@article{Jussel1994,
  title = {Transport Modeling in Heterogeneous Aquifers: 1. {{Statistical}} Description and Numerical Generation of Gravel Deposits},
  volume = {30},
  issn = {00431397},
  shorttitle = {Transport Modeling in Heterogeneous Aquifers},
  doi = {10.1029/94WR00162},
  number = {6},
  journal = {Water Resources Research},
  author = {Jussel, Peter and Stauffer, Fritz and Dracos, Themistocles},
  month = jun,
  year = {1994},
  pages = {1803--1817}
}

@article{Lunt2004,
  title = {A Quantitative, Three-Dimensional Depositional Model of Gravelly Braided Rivers: {{Depositional}} Model of Gravel-Bed Rivers},
  volume = {51},
  issn = {00370746, 13653091},
  shorttitle = {A Quantitative, Three-Dimensional Depositional Model of Gravelly Braided Rivers},
  doi = {10.1111/j.1365-3091.2004.00627.x},
  number = {3},
  journal = {Sedimentology},
  author = {Lunt, I. A. and Bridge, J. S. and Tye, R. S.},
  month = may,
  year = {2004},
  pages = {377--414}
}

@article{Scheibe1995,
  title = {Use of Sedimentological Information for Geometric Simulation of Natural Porous Media Structure},
  volume = {31},
  issn = {1944-7973},
  number = {12},
  journal = {Water Resources Research},
  author = {Scheibe, Timothy D and Freyberg, David L},
  year = {1995},
  pages = {3259--3270}
}

@article{Atkinson2014,
  title = {Three-Dimensional Hydrofacies Assemblages in Ice-Contact/Proximal Sediments Forming a Heterogeneous `Hybrid' Hydrostratigraphic Unit in Central {{Illinois}}, {{USA}}},
  volume = {22},
  issn = {1431-2174, 1435-0157},
  doi = {10.1007/s10040-014-1156-7},
  number = {7},
  journal = {Hydrogeology Journal},
  author = {Atkinson, Lisa A. and Ross, Martin and Stumpf, Andrew J.},
  month = nov,
  year = {2014},
  keywords = {Characterisation,Field study,till},
  pages = {1605--1624}
}

@article{Miall1985,
  title = {Architectural-Element Analysis: {{A}} New Method of Facies Analysis Applied to Fluvial Deposits},
  volume = {22},
  issn = {00128252},
  shorttitle = {Architectural-Element Analysis},
  doi = {10.1016/0012-8252(85)90001-7},
  number = {4},
  journal = {Earth-Science Reviews},
  author = {Miall, Andrew D.},
  month = dec,
  year = {1985},
  keywords = {architectural elements},
  pages = {261--308}
}

@article{Siegenthaler1993,
  title = {Pleistocene {{Rhine}} Gravel: Deposits of a Braided River System with Dominant Pool Preservation},
  volume = {75},
  issn = {0305-8719},
  shorttitle = {Pleistocene {{Rhine}} Gravel},
  doi = {10.1144/GSL.SP.1993.075.01.09},
  number = {1},
  journal = {Geological Society, London, Special Publications},
  author = {Siegenthaler, C. and Huggenberger, P.},
  month = jan,
  year = {1993},
  pages = {147--162}
}

@article{Heinz2003a,
  title = {Hierarchical Dynamic Stratigraphy in Various {{Quaternary}} Gravel Deposits, {{Rhine}} Glacier Area ({{SW Germany}}): Implications for Hydrostratigraphy},
  volume = {92},
  issn = {1437-3254, 1437-3262},
  shorttitle = {Hierarchical Dynamic Stratigraphy in Various {{Quaternary}} Gravel Deposits, {{Rhine}} Glacier Area ({{SW Germany}})},
  doi = {10.1007/s00531-003-0359-2},
  number = {6},
  journal = {International Journal of Earth Sciences},
  author = {Heinz, J{\"u}rgen and Aigner, Thomas},
  month = dec,
  year = {2003},
  pages = {923--938}
}

@article{Kostic2005,
  title = {3-{{D}} Sedimentary Architecture of a {{Quaternary}} Gravel Delta ({{SW}}-{{Germany}}): {{Implications}} for Hydrostratigraphy},
  volume = {181},
  issn = {00370738},
  shorttitle = {3-{{D}} Sedimentary Architecture of a {{Quaternary}} Gravel Delta ({{SW}}-{{Germany}})},
  doi = {10.1016/j.sedgeo.2005.07.004},
  number = {3-4},
  journal = {Sedimentary Geology},
  author = {Kostic, Boris and Becht, Andreas and Aigner, Thomas},
  month = nov,
  year = {2005},
  pages = {147--171}
}

@article{Jussel1994a,
  title = {Transport Modeling in Heterogeneous Aquifers: 2. {{Three}}-Dimensional Transport Model and Stochastic Numerical Tracer Experiments},
  volume = {30},
  issn = {00431397},
  shorttitle = {Transport Modeling in Heterogeneous Aquifers},
  doi = {10.1029/94WR00163},
  number = {6},
  journal = {Water Resources Research},
  author = {Jussel, Peter and Stauffer, Fritz and Dracos, Themistocles},
  month = jun,
  year = {1994},
  keywords = {Good description of random walk},
  pages = {1819--1831}
}

@article{Bierkens1994,
  title = {Block Hydraulic Conductivity of Cross-Bedded Fluvial Sediments},
  volume = {30},
  issn = {00431397},
  doi = {10.1029/94WR01049},
  number = {10},
  journal = {Water Resources Research},
  author = {Bierkens, Marc F. P. and Weerts, Henk J. T.},
  month = oct,
  year = {1994},
  pages = {2665--2678}
}

@article{Teles2004,
  title = {Comparison of Genesis and Geostatistical Methods for Characterizing the Heterogeneity of Alluvial Media: {{Groundwater}} Flow and Transport Simulations},
  volume = {294},
  issn = {00221694},
  shorttitle = {Comparison of Genesis and Geostatistical Methods for Characterizing the Heterogeneity of Alluvial Media},
  doi = {10.1016/j.jhydrol.2003.11.041},
  number = {1\textendash{}3},
  journal = {Journal of Hydrology},
  author = {Teles, V and Delay, F and {de Marsily}, G},
  month = jul,
  year = {2004},
  pages = {103--121}
}

@article{Comunian2011,
  title = {Three-Dimensional High Resolution Fluvio-Glacial Aquifer Analog\textendash{}{{Part}} 2: {{Geostatistical}} Modeling},
  volume = {405},
  issn = {0022-1694},
  number = {1},
  journal = {Journal of Hydrology},
  author = {Comunian, Alessandro and Renard, P and Straubhaar, J and Bayer, P},
  year = {2011},
  pages = {10--23}
}

@incollection{Carle1998,
  series = {Special Publication},
  title = {Conditional Simulation of Hydrofacies Architecture: A Transition Probability/{{Markov}} Approach},
  number = {1},
  booktitle = {Hydrogeologic {{Models}} of {{Sedimentary Aquifers}}, {{Concepts}} in {{Hydrogeology}} and {{Environmental Geology}}},
  publisher = {{Society for Sedimentary Geology}},
  author = {Carle, Steven F. and Labolle, Eric M. and Weissmann, Gary S. and Van Brocklin, David and Fogg, Graham E.},
  editor = {Fraser, G. S. and Davis, J. M.},
  year = {1998},
  pages = {147--170}
}

@article{Heinz2003b,
  title = {Heterogeneity Patterns of {{Quaternary}} Glaciofluvial Gravel Bodies ({{SW}}-{{Germany}}): Application to Hydrogeology},
  volume = {158},
  issn = {00370738},
  shorttitle = {Heterogeneity Patterns of {{Quaternary}} Glaciofluvial Gravel Bodies ({{SW}}-{{Germany}})},
  doi = {10.1016/S0037-0738(02)00239-7},
  number = {1-2},
  journal = {Sedimentary Geology},
  author = {Heinz, J{\"u}rgen and Kleineidam, Sybille and Teutsch, Georg and Aigner, Thomas},
  month = may,
  year = {2003},
  pages = {1--23}
}

@book{Klingbeil1998,
  address = {T{\"u}bingen, Germany},
  series = {T{\"u}binger Geowissenschaftliche Arbeiten: Reihe C, Hydro- Ingenieur- und Umweltgeologie},
  title = {Outcrop {{Analogue Studies}} - {{Implications}} for {{Groundwater Flow}} and {{Contaminant Transport}} in {{Heterogenous Glaciofluvial Quaternary Deposits}}},
  number = {C43},
  publisher = {{Institut und Museum f{\"u}r Geologie und Pal{\"a}ontologie der Universit{\"a}t T{\"u}bingen}},
  author = {Klingbeil, Ralph},
  year = {1998}
}

@article{Ritzi2004,
  title = {Spatial Correlation of Permeability in Cross-Stratified Sediment with Hierarchical Architecture: {{Permeability}} Correlation in Cross-Stratified Sediment},
  volume = {40},
  issn = {00431397},
  shorttitle = {Spatial Correlation of Permeability in Cross-Stratified Sediment with Hierarchical Architecture},
  doi = {10.1029/2003WR002420},
  number = {3},
  journal = {Water Resources Research},
  author = {Ritzi, Robert W. and Dai, Zhenxue and Dominic, David F. and Rubin, Yoram N.},
  month = mar,
  year = {2004}
}

@article{Klingbeil1999,
  title = {Relating Lithofacies to Hydrofacies: Outcrop-Based Hydrogeological Characterisation of {{Quaternary}} Gravel Deposits},
  volume = {129},
  issn = {00370738},
  shorttitle = {Relating Lithofacies to Hydrofacies},
  doi = {10.1016/S0037-0738(99)00067-6},
  number = {3-4},
  journal = {Sedimentary Geology},
  author = {Klingbeil, Ralf and Kleineidam, Sybille and Asprion, Ulrich and Aigner, Thomas and Teutsch, Georg},
  month = dec,
  year = {1999},
  keywords = {GIS,Hydrogeological properties,Outcrop mapping},
  pages = {299--310}
}

@article{Cirpka2015a,
  title = {Transverse Mixing in Three-dimensional Nonstationary Anisotropic Heterogeneous Porous Media},
  volume = {51},
  issn = {1944-7973},
  doi = {10.1002/2014WR015331},
  number = {1},
  journal = {Water Resources Research},
  author = {Cirpka, Olaf A and Chiogna, Gabriele and Rolle, Massimo and Bellin, Alberto},
  year = {2015},
  pages = {241--260}
}

@article{Chiogna2015,
  title = {Helical Flow in Three-dimensional Nonstationary Anisotropic Heterogeneous Porous Media},
  volume = {51},
  issn = {1944-7973},
  doi = {10.1002/\%00202014WR015330},
  number = {1},
  journal = {Water Resources Research},
  author = {Chiogna, Gabriele and Cirpka, Olaf A and Rolle, Massimo and Bellin, Alberto},
  year = {2015},
  pages = {261--280}
}

@article{Dai2004,
  title = {Transport in Heterogeneous Sediments with Multimodal Conductivity and Hierarchical Organization across Scales},
  volume = {294},
  issn = {00221694},
  doi = {10.1016/j.jhydrol.2003.10.024},
  number = {1-3},
  journal = {Journal of Hydrology},
  author = {Dai, Zhenxue and Ritzi, Robert W. and Huang, Chaocheng and Rubin, Yoram N. and Dominic, David F.},
  month = jul,
  year = {2004},
  pages = {68--86}
}

@article{Carle1996,
  title = {Transition Probability-Based Indicator Geostatistics},
  volume = {28},
  issn = {0882-8121, 1573-8868},
  doi = {10.1007/BF02083656},
  number = {4},
  journal = {Mathematical Geology},
  author = {Carle, Steven F. and Fogg, Graham E.},
  month = may,
  year = {1996},
  pages = {453--476}
}

@article{Haslauer2012,
  title = {Effects of Non-{{Gaussian}} Copula-based Hydraulic Conductivity Fields on Macrodispersion},
  volume = {48},
  issn = {1944-7973},
  doi = {10.1029/2011WR011425},
  number = {7},
  journal = {Water Resources Research},
  author = {Haslauer, CP and Guthke, P and B{\'a}rdossy, A and Sudicky, EA},
  year = {2012}
}

@article{Stauffer2007,
  title = {Impact of Highly Permeable Sediment Units with Inclined Bedding on Solute Transport in Aquifers},
  volume = {30},
  issn = {03091708},
  doi = {10.1016/j.advwatres.2007.04.008},
  number = {11},
  journal = {Advances in Water Resources},
  author = {Stauffer, Fritz},
  month = nov,
  year = {2007},
  keywords = {Anisotropy,Groundwater whirls},
  pages = {2194--2201}
}

@article{Koltermann1996,
  title = {Heterogeneity in {{Sedimentary Deposits}}: {{A Review}} of {{Structure}}-{{Imitating}}, {{Process}}-{{Imitating}}, and {{Descriptive Approaches}}},
  volume = {32},
  issn = {1944-7973},
  doi = {10.1029/96WR00025},
  number = {9},
  journal = {Water Resources Research},
  author = {Koltermann, Christine E. and Gorelick, Steven M.},
  month = apr,
  year = {1996},
  keywords = {1824 Geomorphology: general,1831 Groundwater quality,1869 Stochastic hydrology},
  pages = {2617--2658}
}

@article{Poeter1990,
  title = {Influence of {{Aquifer Heterogeneity}} on {{Contaminant Transport}} at the {{Hanford Site}}},
  volume = {28},
  issn = {0017-467X, 1745-6584},
  doi = {10.1111/j.1745-6584.1990.tb01726.x},
  number = {6},
  journal = {Ground Water},
  author = {Poeter, Eileen and Gaylord, David R.},
  month = nov,
  year = {1990},
  pages = {900--909}
}

@article{Allen1983,
  title = {Studies in Fluviatile Sedimentation: {{Bars}}, Bar-Complexes and Sandstone Sheets (Low-Sinuosity Braided Streams) in the Brownstones ({{L}}. {{Devonian}}), {{Welsh}} Borders},
  volume = {33},
  issn = {00370738},
  shorttitle = {Studies in Fluviatile Sedimentation},
  doi = {10.1016/0037-0738(83)90076-3},
  number = {4},
  journal = {Sedimentary Geology},
  author = {Allen, J.R.L.},
  month = jan,
  year = {1983},
  pages = {237--293}
}

@article{Strebelle2002,
  title = {Conditional {{Simulation}} of {{Complex Geological Structures Using Multiple}}-{{Point Statistics}}},
  volume = {34},
  issn = {0882-8121},
  doi = {10.1023/A:1014009426274},
  number = {1},
  journal = {Mathematical Geology},
  author = {Strebelle, Sebastien},
  month = jan,
  year = {2002},
  keywords = {geostatistics,random geometry,stochastic simulation,training image},
  pages = {1--21}
}

@article{Anderson1989,
  title = {Hydrogeologic Facies Models to Delineate Large-Scale Spatial Trends in Glacial and Glaciofluvial Sediments},
  volume = {101},
  issn = {00167606},
  doi = {10.1130/0016-7606(1989)101<0501:HFMTDL>2.3.CO;2},
  number = {4},
  journal = {Geological Society of America Bulletin},
  author = {Anderson, Mary P.},
  month = apr,
  year = {1989},
  pages = {501--511}
}

@book{Miall1996,
  address = {Berlin ; New York},
  title = {The Geology of Fluvial Deposits: Sedimentary Facies, Basin Analysis, and Petroleum Geology},
  isbn = {978-3-540-59186-3 978-0-387-59186-5},
  lccn = {QE471.2 .M53 1996},
  shorttitle = {The Geology of Fluvial Deposits},
  publisher = {{Springer}},
  author = {Miall, Andrew D.},
  year = {1996},
  keywords = {Alluvium,Sedimentation and deposition}
}

@article{Bakker2002,
  title = {A {{Dupuit}} Formulation for Flow in Layered, Anisotropic Aquifers},
  volume = {25},
  issn = {0309-1708},
  doi = {10.1016/S0309-1708(02)00074-X},
  number = {7},
  journal = {Advances in Water Resources},
  author = {Bakker, Mark and Hemker, Kick},
  month = jul,
  year = {2002},
  keywords = {Anisotropy,Capture zone,Dupuit approximation,Groundwater whirls,Layered aquifer},
  pages = {747--754}
}

@article{Asprion1999,
  title = {Towards Realistic Aquifer Models: Three-Dimensional Georadar Surveys of {{Quaternary}} Gravel Deltas ({{Singen Basin}}, {{SW Germany}})},
  volume = {129},
  issn = {0037-0738},
  doi = {10.1016/S0037-0738(99)00068-8},
  number = {3\textendash{}4},
  journal = {Sedimentary Geology},
  author = {Asprion, U. and Aigner, T.},
  month = dec,
  year = {1999},
  keywords = {aquifer models,ground-penetrating radar,Quaternary deltas,three-dimensional models},
  pages = {281--297}
}

@article{Bayer2015,
  title = {High Resolution Multi-Facies Realizations of Sedimentary Reservoir and Aquifer Analogs},
  volume = {2},
  journal = {Scientific Data},
  author = {Bayer, Peter and Comunian, Alessandro and H{\"o}yng, Dominik and Mariethoz, Gregoire},
  month = jul,
  year = {2015},
  pages = {150033}
}

@article{Linde2015,
  title = {Geological Realism in Hydrogeological and Geophysical Inverse Modeling: {{A}} Review},
  volume = {86, Part A},
  issn = {0309-1708},
  doi = {10.1016/j.advwatres.2015.09.019},
  journal = {Advances in Water Resources},
  author = {Linde, Niklas and Renard, Philippe and Mukerji, Tapan and Caers, Jef},
  month = dec,
  year = {2015},
  keywords = {geological realism,Geophysics,geostatistics,heterogeneity,Hydrogeology,Hydrogeophysics,Inverse problems,Markov chain Monte Carlo},
  pages = {86--101}
}

@techreport{Carle1999,
  address = {California},
  title = {T-{{PROGS}}: {{Transition}} Probability Geostatistical Software},
  institution = {University of California, Davis},
  author = {Carle, Steven F},
  year = {1999}
}

@article{dellArciprete2012,
  title = {Comparison of Three Geostatistical Methods for Hydrofacies Simulation: A Test on Alluvial Sediments},
  volume = {20},
  issn = {1431-2174},
  number = {2},
  journal = {Hydrogeology journal},
  author = {{dell'Arciprete}, Diana and Bersezio, Riccardo and Felletti, Fabrizio and Giudici, Mauro and Comunian, Alessandro and Renard, Philippe},
  year = {2012},
  pages = {299--311}
}

@article{Weissmann1999,
  title = {Multi-Scale Alluvial Fan Heterogeneity Modeled with Transition Probability Geostatistics in a Sequence Stratigraphic Framework},
  volume = {226},
  issn = {0022-1694},
  doi = {10.1016/S0022-1694(99)00160-2},
  number = {1\textendash{}2},
  journal = {Journal of Hydrology},
  author = {Weissmann, G.S. and Fogg, G.E.},
  month = dec,
  year = {1999},
  keywords = {Alluvial fans,geostatistics,Hydrogeology,Sequence stratigraphy},
  pages = {48--65}
}

@article{Pirot2015a,
  title = {Influence of Conceptual Model Uncertainty on Contaminant Transport Forecasting in Braided River Aquifers},
  volume = {531, Part 1},
  issn = {0022-1694},
  doi = {10.1016/j.jhydrol.2015.07.036},
  journal = {Groundwater flow and transport in aquifers: Insights from modeling and characterization at the field scale},
  author = {Pirot, Guillaume and Renard, Philippe and Huber, Emanuel and Straubhaar, Julien and Huggenberger, Peter},
  month = dec,
  year = {2015},
  keywords = {Aquifer,Braided river,contaminant transport,groundwater,Modeling,Uncertainty},
  pages = {124--141}
}

@article{Zhang2015,
  title = {Multiscale Solute Transport Upscaling for a Three-Dimensional Hierarchical Porous Medium},
  volume = {51},
  issn = {00431397},
  doi = {10.1002/2014WR016202},
  number = {3},
  journal = {Water Resources Research},
  author = {Zhang, Mingkan and Zhang, Ye},
  month = mar,
  year = {2015},
  pages = {1688--1709}
}

@incollection{Morison1987,
  address = {Tulsa},
  series = {Special Publication},
  title = {Sedimentology of the {{White Channel}} Gravels, {{Klondike}} Area, {{Yukon Territory}}: Fluvial Deposits of a Confined Valley},
  volume = {39},
  booktitle = {Recent {{Developments}} in {{Fluvial Sedimentology}}},
  publisher = {{The Society of Economic Paleontologists and Mineralogists}},
  author = {Morison, Stephen R and Hein, Frances J.},
  editor = {Ethridge, F.G. and Flores, R.M. and Harvey, M.D.},
  year = {1987},
  pages = {205--216}
}

@article{Aigner1999,
  title = {A Hierarchical Process-Approach to Reservoir Heterogeneity: Examples from Outcrop Analogues},
  volume = {22},
  issn = {1279-8215},
  number = {1},
  journal = {Bulletin du Centre de Recherches Elf Exploration Production},
  author = {Aigner, T and Heinz, J and Hornung, J and Asprion, U},
  year = {1999},
  pages = {1--11}
}

@article{Weissmann2015,
  title = {Characterization and Quantification of Aquifer Heterogeneity Using Outcrop Analogs at the {{Canadian Forces Base Borden}}, {{Ontario}}, {{Canada}}},
  issn = {0016-7606, 1943-2674},
  doi = {10.1130/B31193.1},
  journal = {Geological Society of America Bulletin},
  author = {Weissmann, G.S. and Pickel, A. and McNamara, K.C. and Frechette, J.D. and Kalinovich, I. and Allen-King, R.M. and Jankovic, I.},
  month = mar,
  year = {2015},
  pages = {B31193.1}
}

@article{Hoyng2014,
  title = {High-Resolution Aquifer Analog of Fluvial\textendash{}aeolian Sediments of the {{Guarani}} Aquifer System},
  volume = {71},
  issn = {1866-6280, 1866-6299},
  doi = {10.1007/s12665-013-2684-5},
  number = {7},
  journal = {Environmental Earth Sciences},
  author = {H{\"o}yng, Dominik and D'Affonseca, Fernando Mazo and Bayer, Peter and {de Oliveira}, Edson Gomes and Perinotto, Jos{\'e} Alexandre J. and Reis, F{\'a}bio and Wei{\ss}, Holger and Grathwohl, Peter},
  month = apr,
  year = {2014},
  pages = {3081--3094}
}

@article{Huber2016,
  title = {Subsurface Flow Mixing in Coarse, Braided River Deposits},
  volume = {20},
  issn = {1607-7938},
  doi = {10.5194/hess-20-2035-2016},
  number = {5},
  journal = {Hydrology and Earth System Sciences},
  author = {Huber, Emanuel and Huggenberger, Peter},
  month = may,
  year = {2016},
  pages = {2035--2046}
}

@article{Zheng2011,
  title = {Lessons {{Learned}} from 25 {{Years}} of {{Research}} at the {{MADE Site}}},
  volume = {49},
  issn = {0017467X},
  doi = {10.1111/j.1745-6584.2010.00753.x},
  number = {5},
  journal = {Ground Water},
  author = {Zheng, Chunmiao and Bianchi, Marco and Gorelick, Steven M.},
  month = sep,
  year = {2011},
  keywords = {MADE site},
  pages = {649--662}
}

@article{Bianchi2016,
  title = {A Lithofacies Approach for Modeling Non-{{Fickian}} Solute Transport in a Heterogeneous Alluvial Aquifer: {{A LITHOFACIES APPROACH FOR TRANSPORT}}},
  volume = {52},
  issn = {00431397},
  shorttitle = {A Lithofacies Approach for Modeling Non-{{Fickian}} Solute Transport in a Heterogeneous Alluvial Aquifer},
  doi = {10.1002/2015WR018186},
  number = {1},
  journal = {Water Resources Research},
  author = {Bianchi, Marco and Zheng, Chunmiao},
  month = jan,
  year = {2016},
  pages = {552--565}
}

@article{Krzyszkowski2001,
  title = {{Wisconsinan Inter-Lobal Stratigraphy in Three Quarries Near Woodstock, Ontario}},
  volume = {55},
  issn = {0705-7199, 1492-143X},
  doi = {10.7202/005657ar},
  number = {1},
  journal = {G{\'e}ographie physique et Quaternaire},
  author = {Krzyszkowski, Dariusz and Karrow, P. F.},
  year = {2001},
  keywords = {Characterisation,Glacial till,Woodstock},
  pages = {3}
}

@article{Pyrcz2009,
  title = {{{ALLUVSIM}}: {{A}} Program for Event-Based Stochastic Modeling of Fluvial Depositional Systems},
  volume = {35},
  issn = {00983004},
  shorttitle = {{{ALLUVSIM}}},
  doi = {10.1016/j.cageo.2008.09.012},
  number = {8},
  journal = {Computers \& Geosciences},
  author = {Pyrcz, M.J. and Boisvert, J.B. and Deutsch, C.V.},
  month = aug,
  year = {2009},
  pages = {1671--1685}
}

@article{Falivene2006,
  title = {Best Practice Stochastic Facies Modeling from a Channel-Fill Turbidite Sandstone Analog (the {{Quarry}} Outcrop, {{Eocene Ainsa}} Basin, Northeast {{Spain}})},
  volume = {90},
  issn = {0149-1423},
  doi = {10.1306/02070605112},
  number = {7},
  journal = {AAPG Bulletin},
  author = {Falivene, Oriol and Arbues, Pau and Gardiner, Andy and Pickup, Gillian and Munoz, Josep Anton and Caberra, Lluis},
  month = jul,
  year = {2006},
  keywords = {channel forms,facies architecture,Modeling},
  pages = {1003--1029}
}

@article{Burger1997,
  title = {Measurement of Anisotropic Hydraulic Conductivity in Unconsolidated Sands: {{A}} Case Study from a Shoreface Deposit, {{Oyster}}, {{Virginia}}},
  volume = {33},
  issn = {00431397},
  shorttitle = {Measurement of Anisotropic Hydraulic Conductivity in Unconsolidated Sands},
  doi = {10.1029/97WR00570},
  number = {6},
  journal = {Water Resources Research},
  author = {Burger, Robert L. and Belitz, Kenneth},
  month = jun,
  year = {1997},
  pages = {1515--1522}
}

@article{Bakker2016,
  title = {Scripting {{MODFLOW Model Development Using Python}} and {{FloPy}}},
  volume = {54},
  issn = {1745-6584},
  doi = {10.1111/gwat.12413},
  number = {5},
  journal = {Groundwater},
  author = {Bakker, M. and Post, V. and Langevin, C. D. and Hughes, J. D. and White, J. T. and Starn, J. J. and Fienen, M. N.},
  month = sep,
  year = {2016},
  pages = {733--739}
}

@article{Bennett2017,
  title = {The Impact of Sedimentary Anisotropy on Solute Mixing in Stacked Scour-Pool Structures},
  volume = {53},
  issn = {00431397},
  shorttitle = {The Impact of Sedimentary Anisotropy on Solute Mixing in Stacked Scour-Pool Structures},
  doi = {10.1002/2016WR019665},
  number = {4},
  journal = {Water Resources Research},
  author = {Bennett, Jeremy and Haslauer, Claus P. and Cirpka, Olaf A.},
  month = apr,
  year = {2017},
  pages = {2813--2832}
}

@article{Finkel2016,
  title = {A Travel Time-Based Approach to Model Kinetic Sorption in Highly Heterogeneous Porous Media via Reactive Hydrofacies},
  volume = {52},
  issn = {1944-7973},
  doi = {10.1002/2016WR019147},
  number = {12},
  journal = {Water Resources Research},
  author = {Finkel, Michael and Grathwohl, Peter and Cirpka, Olaf A.},
  month = dec,
  year = {2016},
  keywords = {1832 Groundwater transport,1858 Rocks: chemical properties,1859 Rocks: physical properties,1894 Instruments and techniques: modeling,Aquifer heterogeneity,kinetic sorption,mathematical model,Solute transport},
  pages = {9390--9411}
}

@phdthesis{Bayer2000,
  address = {T{\"u}bingen, Germany},
  type = {Diploma thesis},
  title = {Aquifer-{{Analog}}-{{Studie}} in Grobklastischen `Braided River' {{Ablagerungen}}: Sediment{\"a}re/Hydrogeologische {{Wandkartierung}} Und {{Kalibrierung}} von {{Georadarmessungen}} \textendash{} {{Diplomkartierung}}},
  school = {University of T{\"u}bingen},
  author = {Bayer, Peter},
  year = {2000}
}

@article{Meckel2017,
  title = {A Method to Generate Small-Scale, High-Resolution Sedimentary Bedform Architecture Models Representing Realistic Geologic Facies},
  volume = {7},
  issn = {2045-2322},
  doi = {10.1038/s41598-017-09065-9},
  number = {1},
  journal = {Scientific Reports},
  author = {Meckel, T. A. and Trevisan, L. and Krishnamurthy, P. G.},
  month = aug,
  year = {2017},
  pages = {9238}
}

@article{Savoy2017,
  title = {Geological {{Heterogeneity}}: {{Goal}}-{{Oriented Simplification}} of {{Structure}} and {{Characterization Needs}}},
  issn = {0309-1708},
  doi = {10.1016/j.advwatres.2017.08.017},
  journal = {Advances in Water Resources},
  author = {Savoy, Heather and Kalbacher, Thomas and Dietrich, Peter and Rubin, Yoram},
  year = {2017},
  keywords = {Aquifer analog,Arrival times,Geological heterogeneity,Hydrofacies,Subsurface characterization}
}

@article{Chapuis1989,
  title = {Hydraulic Anisotropy of Homogeneous Soils and Rocks: Influence of the Densification Process},
  volume = {39},
  issn = {1435-9537},
  doi = {10.1007/BF02592538},
  number = {1},
  journal = {Bulletin of the International Association of Engineering Geology - Bulletin de l'Association Internationale de G{\'e}ologie de l'Ing{\'e}nieur},
  author = {Chapuis, Robert P. and Gill, Denis E.},
  month = apr,
  year = {1989},
  pages = {75--86}
}

@article{Bowling2005,
  title = {Delineating {{Alluvial Aquifer Heterogeneity Using Resistivity}} and {{GPR Data}}},
  volume = {43},
  issn = {1745-6584},
  doi = {10.1111/j.1745-6584.2005.00103.x},
  number = {6},
  journal = {Ground Water},
  author = {Bowling, Jerry C. and Rodriguez, Antonio B. and Harry, Dennis L. and Zheng, Chunmiao},
  month = nov,
  year = {2005},
  keywords = {MADE site},
  pages = {890--903}
}

@article{Zheng2003,
  title = {Analysis of {{Solute Transport}} in {{Flow Fields Influenced}} by {{Preferential Flowpaths}} at the {{Decimeter Scale}}},
  volume = {41},
  issn = {1745-6584},
  doi = {10.1111/j.1745-6584.2003.tb02578.x},
  number = {2},
  journal = {Ground Water},
  author = {Zheng, Chunmiao and Gorelick, Steven M.},
  month = mar,
  year = {2003},
  keywords = {MADE site},
  pages = {142--155}
}

@techreport{Boggs1990,
  address = {Palo Alto, California, USA},
  type = {Interim Report},
  title = {Hydrogeologic Characterization of the {{MADE}} Site},
  number = {EN-6915},
  institution = {Electric Power Research Institute},
  author = {Boggs, J. Mark and Young, Steven C and Benton, Dudley J. and Chung, Y. C.},
  month = jul,
  year = {1990}
}

@article{Bowling2006,
  title = {Geophysical Constraints on Contaminant Transport Modeling in a Heterogeneous Fluvial Aquifer},
  volume = {85},
  issn = {0169-7722},
  doi = {10.1016/j.jconhyd.2006.01.006},
  number = {1},
  journal = {Journal of Contaminant Hydrology},
  author = {Bowling, Jerry C. and Zheng, Chunmiao and Rodriguez, Antonio B. and Harry, Dennis L.},
  month = may,
  year = {2006},
  keywords = {Aquifer heterogeneity,Contaminant transport modeling,Hydrogeophysics,MADE site,Resistivity},
  pages = {72--88}
}

@article{Bowling2007,
  title = {Integrated Geophysical and Geological Investigation of a Heterogeneous Fluvial Aquifer in {{Columbus Mississippi}}},
  volume = {62},
  issn = {0926-9851},
  doi = {10.1016/j.jappgeo.2006.08.003},
  number = {1},
  journal = {Journal of Applied Geophysics},
  author = {Bowling, Jerry C. and Harry, Dennis L. and Rodriguez, Antonio B. and Zheng, Chunmiao},
  month = may,
  year = {2007},
  keywords = {GPR,Hydrogeology,Hydrogeophysics,MADE site,Near Surface Geophysics,Resistivity,Seismic Reflection,Surface Waves},
  pages = {58--73}
}

@inproceedings{Mitchell1956,
  title = {The Fabric of Natural Clays and Its Relation to Engineering Properties},
  volume = {35},
  author = {Mitchell, James K},
  year = {1956}
}

@techreport{BrentJr.1979,
  title = {Soil {{Survey}} of {{Lowndes County}}, {{Mississippi}}},
  institution = {United States Department of Agriculture, Soil Conservation Service},
  author = {Brent, Jr., Floyd V.},
  month = sep,
  year = {1979},
  keywords = {MADE site}
}

@techreport{Murphree1966,
  address = {Washington DC, USA},
  title = {Soil {{Survey}} of {{Monroe County}}, {{Mississippi}}},
  number = {Series 1961, No. 37},
  institution = {United States Department of Agriculture, Soil Conservation Service},
  author = {Murphree, L. C. and Anderson, J. L. and Ferguson, R. M. and Garber, M. C. and Martin, M. G. and Miller, K. H. and Nichols, L. H.},
  month = nov,
  year = {1966},
  keywords = {MADE site}
}

@article{Shao2011,
  title = {In Situ Determination of Anisotropic Permeability of Clay},
  volume = {36},
  issn = {1474-7065},
  doi = {10.1016/j.pce.2011.07.028},
  number = {17},
  journal = {Clays in Natural \& Engineered Barriers for Radioactive Waste Confinement},
  author = {Shao, H. and S{\"o}nnke, J. and Morel, J. and Krug, S.},
  month = jan,
  year = {2011},
  keywords = {Bure site,Clay stone,Hydraulic anisotropy,In situ permeability measurements,Mont Terri RL,Numerical analysis with code Rock Flow},
  pages = {1688--1692}
}

@article{Smith1981,
  title = {Spatial Variability of Flow Parameters in a Stratified Sand},
  volume = {13},
  issn = {1573-8868},
  doi = {10.1007/BF01032006},
  number = {1},
  journal = {Journal of the International Association for Mathematical Geology},
  author = {Smith, Leslie},
  month = feb,
  year = {1981},
  keywords = {Anisotropy},
  pages = {1--21}
}

@article{Wilson2008,
  title = {Grain Size and Depositional Environment as Predictors of Permeability in Coastal Marine Sands},
  volume = {80},
  issn = {0272-7714},
  doi = {10.1016/j.ecss.2008.06.011},
  number = {1},
  journal = {Estuarine, Coastal and Shelf Science},
  author = {Wilson, Alicia M. and Huettel, Markus and Klein, Stephen},
  month = oct,
  year = {2008},
  keywords = {grain size,marine sand deposits,Permeability,sublittoral,submarine groundwater discharge},
  pages = {193--199}
}

@phdthesis{Thomson2004,
  address = {Waterloo, Ontario, Canada},
  type = {MSc thesis},
  title = {Influence of Grain Size Variability and Sedimentology on Solvent {{DNAPL}} Distribution in the {{Borden Aquifer}}},
  school = {University of Waterloo},
  author = {Thomson, David A.},
  year = {2004}
}

@article{Ferguson1976,
  title = {Disturbed Periodic Model for River Meanders},
  volume = {1},
  issn = {1931-8065},
  doi = {10.1002/esp.3290010403},
  number = {4},
  journal = {Earth Surface Processes},
  author = {Ferguson, R. I.},
  month = oct,
  year = {1976},
  pages = {337--347}
}

@article{Dietrich1993,
  title = {A Fast and Exact Method for Multidimensional Gaussian Stochastic Simulations},
  volume = {29},
  issn = {1944-7973},
  doi = {10.1029/93WR01070},
  number = {8},
  journal = {Water Resources Research},
  author = {Dietrich, C. R. and Newsam, G. N.},
  month = aug,
  year = {1993},
  keywords = {1830 Groundwater/surface water interaction,1869 Stochastic hydrology,9820 Techniques applicable in three or more fields},
  pages = {2861--2869}
}

@article{Tartakovsky2008,
  title = {Effects of {{Peclet}} Number on Pore-Scale Mixing and Channeling of a Tracer and on Directional Advective Porosity},
  volume = {35},
  issn = {1944-8007},
  doi = {10.1029/2008GL035895},
  number = {21},
  journal = {Geophysical Research Letters},
  author = {Tartakovsky, Alexandre M. and Neuman, Shlomo P.},
  month = nov,
  year = {2008},
  keywords = {1832 Groundwater transport,1847 Modeling,1849 Numerical approximations and analysis,advective porosity,Channeling,mixing},
  pages = {n/a--n/a}
}

@incollection{Miall1991a,
  address = {Tulsa, OK},
  series = {CSP3},
  title = {Hierarchies of Architectural Units in Terrigenous Clastic Rocks and Their Relationship to Sedimentation Rate},
  booktitle = {The Three-Dimensional Facies Architecture of Terrigenous Clastic Sediments, and Its Implications for Hydrocarbon Discovery and Recovery},
  publisher = {{Society for Sedimentary Geology}},
  author = {Miall, Andrew D},
  editor = {Miall, Andrew D and Tyler, N},
  year = {1991}
}

@article{Bohling2016,
  title = {Reassessing the {{MADE}} Direct-Push Hydraulic Conductivity Data Using a Revised Calibration Procedure},
  volume = {52},
  issn = {1944-7973},
  doi = {10.1002/2016WR019008},
  number = {11},
  journal = {Water Resources Research},
  author = {Bohling, Geoffrey C. and Liu, Gaisheng and Dietrich, Peter and Butler, James J.},
  month = nov,
  year = {2016},
  keywords = {1829 Groundwater hydrology,1894 Instruments and techniques: modeling,aquifer characterization,direct-push},
  pages = {8970--8985}
}

@article{Xiao2017,
  title = {Comparison of {{Multivariate Spatial Dependence Structures}} of {{DPIL}} and {{Flowmeter Hydraulic Conductivity Data Sets}} at the {{MADE Site}}},
  journal = {In preparation},
  author = {Xiao, Bo and Haslauer, Claus and Bohling, Geoffrey C.},
  year = {2017}
}


